@PhDThesis{ ALE97,
	title = "Intelligence Neuromim{\'e}tique",
	author = "F. Alexandre",
	school = "Universit{\'e} Henri Poincar{\'e}",
	address = "Nancy, France",
	year = "1997",
	type = "Habilitation {\`a} Diriger des Recherches",
	localfile = "/home/sylchev/these/articles/Alexandre1997.ps"
}


@PhDThesis{ BRE03,
	title = "Mod{\`e}les Impulsionnels de R{\'e}seaux de Neurones Biologiques",
	author = "R. Brette",
	school = "{\'E}cole Doctorale Cerveau-Cognition-Comportement",
	year = "2003",
	type = "Th{\`e}se de {D}octorat",
	address = "Paris, France"
}

@Book{ CHA03,
	title = "The Visual Neurosciences",
	editor = "L.M. Chalupa and J.S. Werner",
	howpublished = "Hardcover",
	publisher = "MIT Press",
	edition = "1{\`e}re",
	month = "Novembre",
	year = "2003"
}

@InCollection{ SHE04,
	title = "The Visual Relays in the Thalamus",
	author = "S.M. Sherman and R.W. Guillery",
	pages = "565--591",
	chapter = "35",
	publisher = "MIT Press",
	crossref = "CHA03"
}

@Book{ ARB98,
	title = "The Handbook of Brain Theory and Neural Networks",
	editor = "M.A. Arbib",
	howpublished = "Paperback",
	publisher = "MIT Press",
	month = "Juillet",
	year = "1998"
}

@InCollection{ FOL98,
	title = "Sparse coding in the primate cortex",
	author = "P. F{\"o}ldi{\'a}k and M.P. Young",
	pages = "895--898",
	year = "1998",
	isbn = "0262511029",
	crossref = "ARB98",
	publisher = "MIT Press"
}

@Article{ AMA75,
	title = "Homogeneous nets of neuron-like elements",
	author = "S-I. Amari",
	journal = "Biological Cybernetics",
	pages = "211--220",
	volume = "17",
	number = "4",
	month = "Mars",
	year = "1975"
}

@Article{ LAI01,
	title = "Stationary bumps in networks of spiking neurons",
	author = "C.R. Laing and C.C. Chow",
	journal = "Neural computation",
	pages = "1473--1494",
	volume = "13",
	number = "7",
	month = "Juillet",
	year = "2001"
}

