@Article{Cover2020,
  author =       {Cover, H.},
  title =        {A methodology for the visualization of the partition table},
  journal =      {Journal of Empathic Information},
  year =         2020,
  volume = 	     67,
  pages = 	     {20--24},
  keywords =     {mespublis,journal}
}

@Article{Cover2019j2,
  author =       {Cover, H. and J. Go},
  title =        {New approach of permutation cycles},
  journal =      {Journal of Unconclusive Permutations},
  year =         2019,
  volume = 	     1,
  pages = 	     {45--52},
  keywords =     {mespublis,journal}
}

@InProceedings{Cover2019,
  author =       {Cover, H. and Takahashi, S},
  title =        {Cooperative, ``smart'' technology for simulated annealing},
  booktitle =    {Int. Conf. on Realistic Computations},
  year =         {2019},
  pages =        {512-518},
  month = 	     {3},
  publisher =    {AMS},
  keywords =     {mespublis,confinternationale}
}

@InProceedings{Cover2019b,
  author =       {Cover, H. and Takahashi, S. and Moore, S. and Moore, H.},
  title =        {Trade-off computations for adaptive simulated annealing},
  booktitle =    {Proceedings of {HPCA}},
  year =         {2019},
  pages =        {1023-1029},
  month = 	     {12},
  publisher =    {IEEE},
  keywords =     {mespublis,confinternationale}
}


@InProceedings{Cover2018,
  author = 		  {Cover, H.},
  title = 		  {Sur le d\'eveloppement des s\'emaphores et de compilateurs},
  booktitle =    {Actes de IPTPS},
  year = 	     {2019},
  pages = 	     {78--82},
  month = 	     {4},
  address =      {Lyon},
  keywords =     {mespublis,confnationale}
}

@InProceedings{Cover2017,
  author = 		  {Cover, H.},
  title = 		  {Regards croisés sur le sujet},
  booktitle =    {Conférence des jeunes chercheurs en affabulogie},
  year = 	     {2017},
  pages = 	     {2--5},
  month = 	     {7},
  address =      {Marseille},
  keywords =     {mespublis,confnationale}
}
